<?xml version="1.0" encoding="UTF-8"?>
<record>
  <leader>01173nam#a2200349#cb4500</leader>
  <controlfield tag="005">20210408022025.0</controlfield>
  <controlfield tag="007">tu</controlfield>
  <controlfield tag="008">970912|1990####xxu###########|||#|#eng#c</controlfield>
  <controlfield tag="003">DE-605</controlfield>
  <controlfield tag="001">990063549080206441</controlfield>
  <datafield tag="016" ind1="7" ind2=" ">
    <subfield code="a">243446801</subfield>
    <subfield code="2">OCoLC</subfield>
  </datafield>
  <datafield tag="020" ind1=" " ind2=" ">
    <subfield code="z">0803936522</subfield>
  </datafield>
  <datafield tag="020" ind1=" " ind2=" ">
    <subfield code="a">0803936524</subfield>
    <subfield code="9">0-8039-3652-4</subfield>
  </datafield>
  <datafield tag="035" ind1=" " ind2=" ">
    <subfield code="a">(DE-605)HT003538502</subfield>
  </datafield>
  <datafield tag="040" ind1=" " ind2=" ">
    <subfield code="c">DE-605</subfield>
    <subfield code="a">465</subfield>
    <subfield code="b">ger</subfield>
    <subfield code="d">6</subfield>
    <subfield code="e">rakwb</subfield>
  </datafield>
  <datafield tag="041" ind1=" " ind2=" ">
    <subfield code="a">eng</subfield>
  </datafield>
  <datafield tag="044" ind1=" " ind2=" ">
    <subfield code="c">XD-US</subfield>
  </datafield>
  <datafield tag="245" ind1="0" ind2="0">
    <subfield code="a">American federalism: the third century</subfield>
    <subfield code="c">special ed. of this vol.: John Kincaid</subfield>
  </datafield>
  <datafield tag="250" ind1=" " ind2=" ">
    <subfield code="a">1. print.</subfield>
  </datafield>
  <datafield tag="264" ind1=" " ind2="1">
    <subfield code="a">Newbury Park [u.a.]</subfield>
    <subfield code="b">Sage</subfield>
    <subfield code="c">1990</subfield>
  </datafield>
  <datafield tag="300" ind1=" " ind2=" ">
    <subfield code="a">206 S. : graph. Darst.</subfield>
  </datafield>
  <datafield tag="490" ind1="1" ind2=" ">
    <subfield code="a">&lt;&lt;The&gt;&gt; annals of the American Academy of Political and Social Science</subfield>
    <subfield code="v">509</subfield>
  </datafield>
  <datafield tag="689" ind1="0" ind2="0">
    <subfield code="a">USA</subfield>
    <subfield code="D">g</subfield>
    <subfield code="0">(DE-588)4078704-7</subfield>
  </datafield>
  <datafield tag="689" ind1="0" ind2="1">
    <subfield code="a">Föderalismus</subfield>
    <subfield code="D">s</subfield>
    <subfield code="0">(DE-588)4017754-3</subfield>
  </datafield>
  <datafield tag="689" ind1="0" ind2="2">
    <subfield code="a">Geschichte 1900-1990</subfield>
    <subfield code="A">z</subfield>
  </datafield>
  <datafield tag="035" ind1=" " ind2=" ">
    <subfield code="a">(OCoLC)243446801</subfield>
  </datafield>
  <datafield tag="964" ind1="0" ind2="s">
    <subfield code="F">030</subfield>
    <subfield code="A">a|1uc||||||37</subfield>
  </datafield>
  <datafield tag="964" ind1="0" ind2="s">
    <subfield code="F">050</subfield>
    <subfield code="A">a|||||||||||||</subfield>
  </datafield>
  <datafield tag="964" ind1="0" ind2="s">
    <subfield code="F">051</subfield>
    <subfield code="A">s|||||||</subfield>
  </datafield>
  <datafield tag="830" ind1=" " ind2="0">
    <subfield code="a">&lt;&lt;The&gt;&gt; annals of the American Academy of Political and Social Science</subfield>
    <subfield code="w">(DE-600)328-1</subfield>
    <subfield code="v">509</subfield>
    <subfield code="9">O:1</subfield>
  </datafield>
  <datafield tag="700" ind1="1" ind2=" ">
    <subfield code="a">Kincaid, John</subfield>
    <subfield code="4">edt</subfield>
  </datafield>
  <datafield tag="655" ind1=" " ind2="7">
    <subfield code="a">Aufsatzsammlung</subfield>
    <subfield code="0">(DE-588)4143413-4</subfield>
    <subfield code="2">gnd-content</subfield>
  </datafield>
  <datafield tag="035" ind1=" " ind2=" ">
    <subfield code="a">(DE-599)HBZHT003538502</subfield>
  </datafield>
  <datafield tag="MBD" ind1=" " ind2=" ">
    <subfield code="M">49HBZ_NETWORK</subfield>
    <subfield code="i">990063549080206441</subfield>
    <subfield code="n">HBZ Network</subfield>
  </datafield>
  <datafield tag="MBD" ind1=" " ind2=" ">
    <subfield code="M">49HBZ_WUP</subfield>
    <subfield code="i">990006162990206447</subfield>
    <subfield code="n">Bergische Universität Wuppertal</subfield>
  </datafield>
  <datafield tag="020" ind1=" " ind2=" ">
    <subfield code="a">0803936524</subfield>
    <subfield code="9">0-8039-3652-4</subfield>
    <subfield code="M">49HBZ_WUP</subfield>
  </datafield>
  <datafield tag="830" ind1=" " ind2="0">
    <subfield code="a">&lt;&lt;The&gt;&gt; annals of the American Academy of Political and Social Science</subfield>
    <subfield code="w">(DE-600)328-1</subfield>
    <subfield code="v">509</subfield>
    <subfield code="9">O:1</subfield>
    <subfield code="M">49HBZ_WUP</subfield>
  </datafield>
  <datafield tag="983" ind1=" " ind2=" ">
    <subfield code="b">ZA</subfield>
    <subfield code="9">LOCAL</subfield>
    <subfield code="M">49HBZ_WUP</subfield>
  </datafield>
  <datafield tag="MBD" ind1=" " ind2=" ">
    <subfield code="M">49HBZ_FUH</subfield>
    <subfield code="i">990002846120106464</subfield>
    <subfield code="n">Fernuniversität Hagen</subfield>
  </datafield>
  <datafield tag="020" ind1=" " ind2=" ">
    <subfield code="a">0803936524</subfield>
    <subfield code="9">0-8039-3652-4</subfield>
    <subfield code="M">49HBZ_FUH</subfield>
  </datafield>
  <datafield tag="830" ind1=" " ind2="0">
    <subfield code="a">&lt;&lt;The&gt;&gt; annals of the American Academy of Political and Social Science</subfield>
    <subfield code="w">(DE-600)328-1</subfield>
    <subfield code="v">509</subfield>
    <subfield code="9">O:1</subfield>
    <subfield code="M">49HBZ_FUH</subfield>
  </datafield>
  <datafield tag="MNG" ind1=" " ind2=" ">
    <subfield code="c">System</subfield>
    <subfield code="f">OTHER</subfield>
    <subfield code="i">marc21</subfield>
    <subfield code="k">01</subfield>
    <subfield code="e">false</subfield>
    <subfield code="d">2023-04-24 23:07:14 Europe/Berlin</subfield>
    <subfield code="g">006354908-HBZ01</subfield>
    <subfield code="j">60</subfield>
    <subfield code="a">import</subfield>
    <subfield code="b">2021-04-06 03:00:36 Europe/Berlin</subfield>
  </datafield>
  <datafield tag="H52" ind1=" " ind2=" ">
    <subfield code="b">W0001</subfield>
    <subfield code="c">04</subfield>
    <subfield code="h"/>
    <subfield code="8">22124074010006447</subfield>
  </datafield>
  <datafield tag="HOL" ind1=" " ind2=" ">
    <subfield code="b">2021-04-06 07:50:21</subfield>
    <subfield code="8">22124074010006447</subfield>
    <subfield code="M">49HBZ_WUP</subfield>
    <subfield code="g">false</subfield>
    <subfield code="a">import</subfield>
  </datafield>
  <datafield tag="ITM" ind1=" " ind2=" ">
    <subfield code="H">22124074010006447</subfield>
    <subfield code="x">04</subfield>
    <subfield code="f">BOOK</subfield>
    <subfield code="v">04</subfield>
    <subfield code="p">14</subfield>
    <subfield code="X">System</subfield>
    <subfield code="U">1997-09-12 12:59:00 Europe/Berlin</subfield>
    <subfield code="Y">2021-04-06 09:51:11 Europe/Berlin</subfield>
    <subfield code="h">false</subfield>
    <subfield code="n">ZA962-507/509</subfield>
    <subfield code="M">49HBZ_WUP</subfield>
    <subfield code="s">1</subfield>
    <subfield code="d">#</subfield>
    <subfield code="V">import</subfield>
    <subfield code="b">000226365000010</subfield>
    <subfield code="a">23124074000006447</subfield>
    <subfield code="t">8</subfield>
    <subfield code="B">Z76/831-507/509</subfield>
    <subfield code="D">20000217</subfield>
    <subfield code="W">1997-09-12 02:00:00 Europe/Berlin</subfield>
    <subfield code="u">W0001</subfield>
    <subfield code="w">W0001</subfield>
  </datafield>
  <datafield tag="H52" ind1=" " ind2=" ">
    <subfield code="b">F0001</subfield>
    <subfield code="c">03</subfield>
    <subfield code="8">22104630380006464</subfield>
  </datafield>
  <datafield tag="HOL" ind1=" " ind2=" ">
    <subfield code="b">2022-07-04 11:33:04</subfield>
    <subfield code="8">22104630380006464</subfield>
    <subfield code="M">49HBZ_FUH</subfield>
    <subfield code="g">false</subfield>
    <subfield code="a">import</subfield>
  </datafield>
  <datafield tag="ITM" ind1=" " ind2=" ">
    <subfield code="H">22104630380006464</subfield>
    <subfield code="x">03</subfield>
    <subfield code="f">BOOK</subfield>
    <subfield code="v">03</subfield>
    <subfield code="p">32</subfield>
    <subfield code="X">System</subfield>
    <subfield code="U">1992-10-27 11:59:00 Europe/Berlin</subfield>
    <subfield code="Y">2022-07-04 13:34:24 Europe/Berlin</subfield>
    <subfield code="h">false</subfield>
    <subfield code="n">ZZN/APSA</subfield>
    <subfield code="M">49HBZ_FUH</subfield>
    <subfield code="s">1</subfield>
    <subfield code="d">#</subfield>
    <subfield code="V">import</subfield>
    <subfield code="a">23104630370006464</subfield>
    <subfield code="B">1139/20</subfield>
    <subfield code="D">20000217</subfield>
    <subfield code="W">1992-10-27 01:00:00 Europe/Berlin</subfield>
    <subfield code="u">F0001</subfield>
    <subfield code="w">F0001</subfield>
  </datafield>
</record>
